@inbook{kurose,
	author = {Kurose, J and Ross, K},
	title = {Computer Networking. A Top-Down Approach},
	year = {2013},
	OPTeditor = {editor},
	OPTeditora = {editora},
	OPTeditorb = {editorb},
	OPTeditorc = {editorc},
	OPTtranslator = {translator},
	OPTannotator = {annotator},
	OPTcommentator = {commentator},
	OPTintroduction = {introduction},
	OPTforeword = {foreword},
	OPTafterword = {afterword},
	OPTsubtitle = {subtitle},
	OPTtitleaddon = {titleaddon},
	OPTmaintitle = {maintitle},
	OPTmainsubtitle = {mainsubtitle},
	OPTmaintitleaddon = {maintitleaddon},
	OPTlanguage = {language},
	OPToriglanguage = {origlanguage},
	OPTvolume = {volume},
	OPTpart = {part},
	edition = {Sixth},
	OPTvolumes = {volumes},
	OPTseries = {series},
	OPTnumber = {number},
	OPTnote = {note},
	publisher = {Pearson Education},
	OPTlocation = {location},
	OPTisbn = {isbn},
	OPTchapter = {chapter},
	pages = {51},
	OPTpagetotal = {pagetotal},
	OPTaddendum = {addendum},
	OPTpubstate = {pubstate},
	OPTdoi = {doi},
	OPTeprint = {eprint},
	OPTeprintclass = {eprintclass},
	OPTeprinttype = {eprinttype},
	OPTurl = {url},
	OPTurldate = {urldate},
}

@article{rfc,
	author = {Postel, J and Reynolds, J},
	title = {File Transfer Protocol (FTP)},
	year = {1985},
	month = {oct},
	journal = {Network Working Group},
}

@misc{socket,
	author = {Python},
	title = {socket - Low-level networking interface},
	url = {https://docs.python.org/3.6/library/socket.html},
	note = {Last accessed: 17/03/2018},
}

@misc{os,
	author = {Python},
	title = {os - Miscellaneous operating system interfaces},
	url = {https://docs.python.org/3.6/library/os.html},
	note = {Last accessed: 17/03/2018},
}

@misc{magic,
	author = {Hupp, Adam},
	title = {python-magic},
	url = {https://github.com/ahupp/python-magic},
	note = {Last accessed: 17/03/2018},
	year = {2001},
}